<record><leader>00000cas a2200000 a 4500</leader><controlfield tag="001">11730917</controlfield><controlfield tag="008">850225d186u18uunyuwr ne      0    0eng c</controlfield><datafield ind1=" " ind2=" " tag="010"><subfield code="a">sn 85025402 </subfield></datafield><datafield ind1=" " ind2=" " tag="040"><subfield code="a">NPX</subfield><subfield code="b">eng</subfield><subfield code="c">NPX</subfield><subfield code="d">NYS</subfield><subfield code="d">OCL</subfield><subfield code="d">NYS</subfield><subfield code="d">OCLCQ</subfield><subfield code="d">OCLCF</subfield><subfield code="d">OCLCO</subfield></datafield><datafield ind1="1" ind2=" " tag="029"><subfield code="a">AU@</subfield><subfield code="b">000020233432</subfield></datafield><datafield ind1=" " ind2=" " tag="042"><subfield code="a">pcc</subfield></datafield><datafield ind1=" " ind2=" " tag="043"><subfield code="a">n-us-ny</subfield></datafield><datafield ind1="0" ind2=" " tag="130"><subfield code="a">Saratoga sentinel (Saratoga Springs, N.Y. : 1868)</subfield></datafield><datafield ind1="1" ind2="4" tag="245"><subfield code="a">The Saratoga sentinel.</subfield></datafield><datafield ind1=" " ind2=" " tag="260"><subfield code="a">Saratoga Springs, N.Y. :</subfield><subfield code="b">[s.n.]</subfield></datafield><datafield ind1=" " ind2=" " tag="300"><subfield code="a">v.</subfield></datafield><datafield ind1=" " ind2=" " tag="310"><subfield code="a">Weekly</subfield></datafield><datafield ind1=" " ind2=" " tag="500"><subfield code="a">Publisher: Wm. Connolly, &lt;1870&gt;; Huling &amp; Co., &lt;1872&gt;.</subfield></datafield><datafield ind1=" " ind2=" " tag="515"><subfield code="a">New. ser., vol. 1, no. 1 (Feb. 15, 1872)-</subfield></datafield><datafield ind1=" " ind2=" " tag="588"><subfield code="a">Description based on: Vol. 25, no. 46 (Nov. 13, 1868).</subfield></datafield><datafield ind1=" " ind2=" " tag="588"><subfield code="a">Latest issue consulted: Vol. 13, no. 52 (Jan. 29, 1885).</subfield></datafield><datafield ind1=" " ind2="0" tag="651"><subfield code="a">Saratoga Springs (N.Y.)</subfield><subfield code="v">Newspapers.</subfield></datafield><datafield ind1=" " ind2="0" tag="651"><subfield code="a">Saratoga County (N.Y.)</subfield><subfield code="v">Newspapers.</subfield></datafield><datafield ind1=" " ind2="7" tag="655"><subfield code="a">Newspapers.</subfield><subfield code="2">fast</subfield><subfield code="0">(OCoLC)fst01423814</subfield></datafield><datafield ind1=" " ind2="7" tag="651"><subfield code="a">New York (State)</subfield><subfield code="z">Saratoga County.</subfield><subfield code="2">fast</subfield><subfield code="0">(OCoLC)fst01210046</subfield></datafield><datafield ind1=" " ind2="7" tag="651"><subfield code="a">New York (State)</subfield><subfield code="z">Saratoga Springs.</subfield><subfield code="2">fast</subfield><subfield code="0">(OCoLC)fst01206823</subfield></datafield><datafield ind1=" " ind2=" " tag="752"><subfield code="a">United States</subfield><subfield code="b">New York</subfield><subfield code="c">Saratoga</subfield><subfield code="d">Saratoga Springs.</subfield></datafield><datafield ind1="0" ind2=" " tag="775"><subfield code="t">Saratoga daily sentinel (Saratoga Springs, N.Y. : 1873)</subfield><subfield code="g">1873-1875</subfield><subfield code="w">(DLC)sn 84031040</subfield><subfield code="w">(OCoLC)11192498</subfield></datafield><datafield ind1="0" ind2="0" tag="780"><subfield code="t">Republican and sentinel</subfield><subfield code="w">(DLC)sn 84031073</subfield><subfield code="w">(OCoLC)11192705</subfield></datafield></record>